
@article{r1,
author={Chang,Z. and Wu,H. and Li,C.},
year={2023},
title={YOLOv4-tiny-based robust RGB-D SLAM approach with point and surface feature fusion in complex indoor environments},
journal={Journal of Field Robotics},
volume={40},
number={3},
pages={521-534},
language={English},
url={www.scopus.com},
}

@article{r2,
author={Gu,P. and Meng,Z.},
year={2023},
title={S-VIO: Exploiting Structural Constraints for RGB-D Visual Inertial Odometry},
journal={IEEE Robotics and Automation Letters},
volume={8},
number={6},
pages={3542-3549},
language={English},
url={www.scopus.com},
} 

@article{Zhmud_2018,
year = {2018},
month = {may},
publisher = {IOP Publishing},
volume = {1015},
author = {V A Zhmud and N O Kondratiev and K A Kuznetsov and V G Trubin and L V Dimitrov},
title = {Application of ultrasonic sensor for measuring distances in robotics},
journal = {Journal of Physics: Conference Series},
}

@article{panich2010comparison,
  title={Comparison of distance measurement between stereo vision and ultrasonic sensor},
  author={Panich, Surachai},
  journal={Journal of Computer Science},
  volume={6},
  number={10},
  pages={1108},
  year={2010}
}

@INPROCEEDINGS{ultrasonic_fusion,
  author={Zou Yi and Ho Yeong Khing and Chua Chin Seng and Zhou Xiao Wei},
  booktitle={Proceedings of the IEEE Intelligent Vehicles Symposium 2000 (Cat. No.00TH8511)}, 
  title={Multi-ultrasonic sensor fusion for mobile robots}, 
  year={2000},
  pages={387-391},
}

@INPROCEEDINGS{control_robot,

  author={Comport, A.I. and Marchand, E. and Chaumette, F.},
  booktitle={2004 IEEE/RSJ International Conference on Intelligent Robots and Systems (IROS) (IEEE Cat. No.04CH37566)}, 
  title={Robust model-based tracking for robot vision}, 
  year={2004},
  volume={1},
  pages={692-697 vol.1},
}

